%
%@misc{SleuthKitWiki,
  % = author,
}= "{Wikipedia contributors}",
%  title = "The Sleuth Kit --- {Wikipedia}{,} The Free Encyclopedia",
%  year = "2024",
%  howpublished = "\url{
%                  https://en.wikipedia.org/w/index.php?title=The_Sleuth_Kit&oldid=1211208681
%                  }",
%  note = "[Online; accessed 21-November-2024]",
%}
%
%@misc{SleuthKitOrg,
  % = author,
}= "{sleuthkit}",
%  title = "The Sleuth Kit Official page",
%  year = "2024",
%  howpublished = "\url{ https://www.sleuthkit.org/index.php }",
%  note = "[Online; accessed 21-November-2024]",
%}
%
%@misc{AutopsyWiki,
  % = author,
}= "{Wikipedia contributors}",
%  title = "Autopsy (software) --- {Wikipedia}{,} The Free Encyclopedia",
%  year = "2024",
%  howpublished = "\url{
%                  https://en.wikipedia.org/w/index.php?title=Autopsy_(software)&oldid=1248990299
%                  }",
%  note = "[Online; accessed 21-November-2024]",
%}
%
%@misc{AutopsyInstallation,
  % = author,
}= "{Greg DiCristofaro}",
%  title = "Installing Autopsy\/SleuthKit",
%  year = "2024",
%  howpublished = "\url{
%                  https://github.com/sleuthkit/autopsy/blob/develop/Running_Linux_OSX.md
%                  }",
%  note = "[Online; accessed 21-November-2024]",
%}
%
%  
%@misc{SleuthGithub,
  % = author,
}= "{SleuthKit}",
%  title = "Sleuth Kit Github Page",
%  year = "2024",
%  howpublished = "\url{https://github.com/sleuthkit/sleuthkit }",
%  note = "[Online; accessed 21-November-2024]",
%}
%
%@misc{CoronersTK_Wiki,
  % = author,
}= "{Wikipedia contributors}",
%  title = "The Coroner's Toolkit --- {Wikipedia}{,} The Free Encyclopedia",
%  year = "2024",
%  howpublished = "\url{ https://en.wikipedia.org/w/index.php?title=The_Coroner\%
%                  27s_Toolkit&oldid=1232756470 }",
%  note = "[Online; accessed 21-November-2024]",
%}
%
%@misc{EncaseSW,
  % = author,
}= "{forensicware.com}",
%  title = "E01 (Encase Image File Format)",
%  year = "2024",
%  howpublished = "\url{https://www.forensicsware.com/blog/e01-file-format/}",
%  note = "[Online; accessed 24-November-2024]",
%}
%
%  @misc{CraigTuckerWiki,
  % = author,
}= "{Wikipedia contributors}",
%  title = "Craig Tucker --- {Wikipedia}{,} The Free Encyclopedia",
%  year = "2024",
%  howpublished = "\url{
%                  https://en.wikipedia.org/w/index.php?title=Craig_Tucker&oldid=1257214177
%                  }",
%  note = "[Online; accessed 24-November-2024]",
%}
%
%@misc{AutopsyHistory,
  % = author,
}= "{sleuthkit.org}",
%  title = "Autopsy, History",
%  year = "2024",
%  howpublished = "\url{https://www.sleuthkit.org/autopsy/history.php}",
%  note = "[Online; accessed 24-November-2024]",
%}
%

@misc{AutoReport,
  author = "{Autopsy v 4.21}",
  title = "Auto-generated report of Windows Image",
  year = "2024",
  howpublished = "\url{https://kjwesthoff.github.io/252-Lab13-AutopsyReport/}",
  note = "[Generated and published 27-November-2024]",
}


@misc{WindowsVHD,
  author = "{learn.microsoft.com}",
  title = "Manage Virtual Hard Disks (VHD)",
  year = "2024",
  howpublished = "\url{
                  https://learn.microsoft.com/en-us/windows-server/storage/disk-management/manage-virtual-hard-disks
                  }",
  note = "[Online, accessed 27-November-2024]",
}

    @misc{enwiki:Terminator,
  author = "{Wikipedia contributors}",
  title = "Skynet (Terminator) --- {Wikipedia}{,} The Free Encyclopedia",
  year = "2024",
  howpublished = "\url{
                  https://en.wikipedia.org/w/index.php?title=Skynet_(Terminator)&oldid=1259669280
                  }",
  note = "[Online; accessed 27-November-2024]",
}


@misc{VHD_Wiki,
  author = "{Wikipedia contributors}",
  title = "VHD (file format) --- {Wikipedia}{,} The Free Encyclopedia",
  year = "2024",
  howpublished = "\url{
                  https://en.wikipedia.org/w/index.php?title=VHD_(file_format)&oldid=1249771178
                  }",
  note = "[Online; accessed 28-November-2024]",
}


